%% This BibTeX bibliography file was created using BibDesk.
%% http://bibdesk.sourceforge.net/


%% Created for Russell Harmon at 2013-11-26 14:11:56 -0800 


%% Saved with string encoding Unicode (UTF-8) 



@online{lldb-signals,
	Author = {Russell Harmon},
	Date = {2013-07-27},
	Date-Added = {2013-11-26 21:53:12 +0000},
	Date-Modified = {2013-11-26 21:54:11 +0000},
	Title = {Ignoring Signals via the API},
	Titleaddon = {Submitted to the lldb-dev mailing list},
	Url = {http://lists.cs.uiuc.edu/pipermail/lldb-dev/2013-July/002108.html},
	Urldate = {2013-11-26}}

@techreport{c-standard,
	Author = {{JTC1/SC22/WG14}},
	Date-Added = {2013-11-26 21:40:12 +0000},
	Date-Modified = {2013-11-26 21:45:17 +0000},
	Institution = {{International Organization for Standardization}},
	Number = {n1570},
	Title = {{Programming languages --- C}},
	Type = {{ISO}},
	Year = {2011}}

@online{stabs,
	Date-Added = {2013-11-18 13:45:21 +0000},
	Date-Modified = {2013-11-18 13:45:50 +0000},
	Title = {The "stabs" representation of debugging information},
	Url = {http://www.sourceware.org/gdb/download/onlinedocs/stabs.html},
	Urldate = {2013-18-12}}

@online{gnome,
	Date-Added = {2013-11-13 10:14:37 +0000},
	Date-Modified = {2013-11-13 10:14:58 +0000},
	Title = {GNOME},
	Url = {http://www.gnome.org/},
	Urldate = {2013-11-12}}

@online{gobject-introspection,
	Date-Added = {2013-11-13 10:13:15 +0000},
	Date-Modified = {2013-11-26 22:11:56 +0000},
	Title = {GObject Introspection},
	Url = {http://wiki.gnome.org/GObjectIntrospection},
	Urldate = {2013-11-12}}

@mastersthesis{ego-thesis,
	Author = {Ludovic Court{\`e}s},
	Date-Added = {2013-11-13 10:01:39 +0000},
	Date-Modified = {2013-11-13 10:03:24 +0000},
	Institution = {Universit{\'e} de Franche-Comt{\'e}},
	Title = {Syst{\`e}mes tol{\'e}rant les fautes {\`a} base de support d'ex{\'e}cution r{\'e}flexifs Capture en ligne de l'{\'e}tat d'applications},
	Url = {http://www.fdn.fr/~lcourtes/software/ego/laas-dea.pdf},
	Urldate = {2013-11-12},
	Year = {2003}}

@online{ego,
	Author = {Ludovic Court{\`e}s},
	Date-Added = {2013-11-13 09:59:45 +0000},
	Date-Modified = {2013-11-13 10:01:32 +0000},
	Title = {The Ego Reference Manual},
	Url = {http://www.fdn.fr/~lcourtes/software/ego/ego-manual.html},
	Urldate = {2013-11-12},
	Year = {2004}}

@online{lldb-enums,
	Author = {Russell Harmon},
	Date = {2013-10-26},
	Date-Added = {2013-11-13 06:01:17 +0000},
	Date-Modified = {2013-11-13 06:02:18 +0000},
	Title = {Enumerating the members of an enum},
	Titleaddon = {Submitted to the lldb-dev mailing list},
	Url = {http://lists.cs.uiuc.edu/pipermail/lldb-dev/2013-October/002626.html},
	Urldate = {2013-11-12}}

@book{json,
	Date-Added = {2013-11-13 05:47:55 +0000},
	Date-Modified = {2013-11-13 06:00:10 +0000},
	Edition = {First Edition},
	Location = {Rue du Rh{\^o}ne Gen{\`e}ve, Switzerland},
	Month = {October},
	Publisher = {ECMA International},
	Title = {The JSON Data Interchange Format},
	Titleaddon = {ECMA-404 (RFC 4627)},
	Url = {http://www.ecma-international.org/publications/files/ECMA-ST/ECMA-404.pdf},
	Urldate = {2013-11-12},
	Year = {2013}}

@manual{abort,
	Date-Added = {2013-11-13 05:44:06 +0000},
	Date-Modified = {2013-11-13 05:45:10 +0000},
	Subtitle = {Linux Programmer's Manual},
	Title = {abort(3) - cause abnormal process termination},
	Url = {http://man7.org/linux/man-pages/man3/abort.3.html},
	Urldate = {2013-11-12},
	Year = {2013}}

@online{ruminate,
	Author = {Russell Harmon},
	Date-Added = {2013-11-13 05:41:31 +0000},
	Date-Modified = {2013-11-13 05:41:53 +0000},
	Subtitle = {Type Introspection for C},
	Title = {Ruminate},
	Url = {http://rus.har.mn/ruminate/},
	Urldate = {2013-11-12},
	Year = {2013}}

@online{clang,
	Date-Added = {2013-11-13 05:35:40 +0000},
	Date-Modified = {2013-11-13 05:35:56 +0000},
	Title = {clang: a C language family frontend for LLVM},
	Url = {http://clang.llvm.org/}}

@online{sbtype,
	Date = {2013-07-19},
	Date-Added = {2013-11-13 05:25:37 +0000},
	Date-Modified = {2013-11-13 05:30:50 +0000},
	Subtitle = {Class SBType},
	Title = {LLDB python API},
	Url = {http://lldb.llvm.org/python_reference/lldb.SBType-class.html},
	Urlyear = {2013-11-12}}

@online{llvm,
	Date-Added = {2013-11-13 04:40:02 +0000},
	Date-Modified = {2013-11-13 04:42:28 +0000},
	Title = {The LLVM Compiler Infrastructure},
	Url = {http://llvm.org/},
	Urldate = {2013-11-12}}

@manual{ptrace,
	Date-Added = {2013-11-13 04:17:14 +0000},
	Date-Modified = {2013-11-13 05:45:24 +0000},
	Subtitle = {Linux Programmer's Manual},
	Title = {ptrace(2) - process trace},
	Url = {http://man7.org/linux/man-pages/man2/ptrace.2.html},
	Urldate = {2013-11-12},
	Year = {2013}}

@online{lldb-python-api,
	Author = {{LLDB} {T}eam},
	Date-Added = {2013-10-29 23:14:29 +0000},
	Date-Modified = {2013-10-29 23:16:21 +0000},
	Title = {{LLDB} python {API}},
	Url = {http://lldb.llvm.org/python_reference/lldb-module.html},
	Bdsk-Url-1 = {http://lldb.llvm.org/python_reference/lldb-module.html}}

@online{gdb,
	Date-Added = {2013-02-20 00:27:01 +0000},
	Date-Modified = {2013-02-22 14:15:11 +0000},
	Title = {{GDB}: {T}he {GNU} {P}roject {D}ebugger},
	Url = {https://www.gnu.org/software/gdb/},
	Urldate = {2013-02-19},
	Bdsk-Url-1 = {https://www.gnu.org/software/gdb/}}

@online{perl-introspect,
	Date-Added = {2013-02-20 00:22:22 +0000},
	Date-Modified = {2013-02-22 14:15:16 +0000},
	Title = {{C}lass{::}{MOP}{::}{C}lass},
	Url = {http://search.cpan.org/dist/Class-MOP/lib/Class/MOP/Class.pm},
	Urldate = {2013-02-19},
	Bdsk-Url-1 = {http://search.cpan.org/dist/Class-MOP/lib/Class/MOP/Class.pm}}

@article{cpp-rtti,
	Date-Added = {2013-02-20 00:17:22 +0000},
	Date-Modified = {2013-02-20 00:21:24 +0000},
	Journal = {ISO/IEC 14882:2011},
	Pages = {99, {\S}5.2.8},
	Title = {{W}orking {D}raft, {S}tandard for {P}rogramming {L}anguage {C}++},
	Year = {2011}}

@online{python-introspect,
	Date-Added = {2013-02-20 00:13:23 +0000},
	Date-Modified = {2013-02-22 14:14:43 +0000},
	Title = {Python 2.7.3 » Documentation » The Python Standard Library},
	Titleaddon = {Built-in Functions},
	Url = {http://docs.python.org/2/library/functions.html#dir},
	Urldate = {2013-02-19},
	Bdsk-Url-1 = {http://docs.python.org/2/library/functions.html#dir}}

@online{ruby-introspect,
	Date-Added = {2013-02-20 00:11:39 +0000},
	Date-Modified = {2013-02-22 14:15:20 +0000},
	Title = {{C}lass: {O}bject ({R}uby 1.9.3)},
	Url = {http://ruby-doc.org/core-1.9.3/Object.html#method-i-instance_variables},
	Urldate = {2013-02-19},
	Bdsk-Url-1 = {http://ruby-doc.org/core-1.9.3/Object.html#method-i-instance_variables}}

@online{java-reflect,
	Date-Added = {2013-02-20 00:07:04 +0000},
	Date-Modified = {2013-02-22 14:14:46 +0000},
	Title = {{P}ackage java.lang.reflect},
	Url = {http://docs.oracle.com/javase/7/docs/api/java/lang/reflect/package-summary.html},
	Urldate = {2013-02-19},
	Bdsk-Url-1 = {http://docs.oracle.com/javase/7/docs/api/java/lang/reflect/package-summary.html}}

@online{clr-cpp,
	Date-Added = {2013-02-20 00:01:09 +0000},
	Date-Modified = {2013-02-22 14:14:29 +0000},
	Title = {{R}eflection in {C}++},
	Url = {http://msdn.microsoft.com/en-us/library/y0114hz2(v=vs.80).aspx},
	Urldate = {2013-02-19},
	Bdsk-Url-1 = {http://msdn.microsoft.com/en-us/library/y0114hz2(v=vs.80).aspx}}

@online{reflection-for-cpp,
	Author = {Knizhnik, K.},
	Date-Added = {2013-02-19 23:44:53 +0000},
	Date-Modified = {2013-02-22 14:14:34 +0000},
	Title = {{R}eflection for {C}++},
	Url = {http://www.garret.ru/cppreflection/docs/reflect.html},
	Urldate = {2013-02-19},
	Bdsk-Url-1 = {http://www.garret.ru/cppreflection/docs/reflect.html}}

@inproceedings{seal-cpp,
	Author = {Roiser, S. and Mato, P.},
	Booktitle = {Proceedings of CHEP 2004},
	Date-Added = {2013-02-19 23:22:00 +0000},
	Date-Modified = {2013-02-22 14:14:02 +0000},
	Eventdate = {2004-09-27/2004-10-01},
	Eventtitle = {CHEP04},
	Location = {Interlaken, Switzerland},
	Organization = {CERN},
	Title = {{T}he {S}eal {C}++ {R}eflection {S}ystem},
	Url = {http://indico.cern.ch/getFile.py/access?contribId=222&resId=0&materialId=paper&confId=0},
	Urldate = {2013-02-19},
	Year = {2004},
	Bdsk-Url-1 = {http://indico.cern.ch/getFile.py/access?contribId=222&resId=0&materialId=paper&confId=0}}

@online{jansson,
	Author = {Petri Lehtinen},
	Date-Added = {2013-02-07 18:30:22 +0000},
	Date-Modified = {2013-02-22 14:15:07 +0000},
	Title = {{J}ansson},
	Url = {http://www.digip.org/jansson/},
	Urldate = {2013-02-07},
	Bdsk-Url-1 = {http://www.digip.org/jansson/}}

@online{lldb,
	Author = {{LLVM} {T}eam},
	Date-Added = {2012-10-11 04:17:10 +0000},
	Date-Modified = {2013-02-22 13:24:52 +0000},
	Title = {{T}he {LLDB} {D}ebugger},
	Url = {http://lldb.llvm.org/},
	Urldate = {2012-10-11},
	Bdsk-Url-1 = {http://lldb.llvm.org/}}

@online{dwarf,
	Author = {{DWARF} {S}tandards {C}ommittee},
	Date-Added = {2012-10-11 03:05:47 +0000},
	Date-Modified = {2013-02-22 13:24:45 +0000},
	Title = {{T}he {DWARF} {D}ebugging {S}tandard},
	Url = {http://dwarfstd.org/},
	Urldate = {2012-10-20},
	Bdsk-File-1 = {YnBsaXN0MDDUAQIDBAUGJCVYJHZlcnNpb25YJG9iamVjdHNZJGFyY2hpdmVyVCR0b3ASAAGGoKgHCBMUFRYaIVUkbnVsbNMJCgsMDxJXTlMua2V5c1pOUy5vYmplY3RzViRjbGFzc6INDoACgAOiEBGABIAFgAdccmVsYXRpdmVQYXRoWWFsaWFzRGF0YV8QGC4uLy4uL0Rlc2t0b3AvRFdBUkY0LnBkZtIXCxgZV05TLmRhdGFPEQFmAAAAAAFmAAIAAAxNYWNpbnRvc2ggSEQAAAAAAAAAAAAAAAAAAADIwsdHSCsAAAAHLjMKRFdBUkY0LnBkZgAAAAAAAAAAAAAAAAAAAAAAAAAAAAAAAAAAAAAAAAAAAAAAAAAAAAAAAAAAAAAAAAAAAAAABFFVo8ybhsIAAAAAAAAAAAACAAIAAAkgAAAAAAAAAAAAAAAAAAAAB0Rlc2t0b3AAABAACAAAyMMptwAAABEACAAAzJvpMgAAAAEADAAHLjMABy4oAACWQgACAC1NYWNpbnRvc2ggSEQ6VXNlcnM6AHJ1c3M6AERlc2t0b3A6AERXQVJGNC5wZGYAAA4AFgAKAEQAVwBBAFIARgA0AC4AcABkAGYADwAaAAwATQBhAGMAaQBuAHQAbwBzAGgAIABIAEQAEgAdVXNlcnMvcnVzcy9EZXNrdG9wL0RXQVJGNC5wZGYAABMAAS8AABUAAgAL//8AAIAG0hscHR5aJGNsYXNzbmFtZVgkY2xhc3Nlc11OU011dGFibGVEYXRhox0fIFZOU0RhdGFYTlNPYmplY3TSGxwiI1xOU0RpY3Rpb25hcnmiIiBfEA9OU0tleWVkQXJjaGl2ZXLRJidUcm9vdIABAAgAEQAaACMALQAyADcAQABGAE0AVQBgAGcAagBsAG4AcQBzAHUAdwCEAI4AqQCuALYCIAIiAicCMgI7AkkCTQJUAl0CYgJvAnIChAKHAowAAAAAAAACAQAAAAAAAAAoAAAAAAAAAAAAAAAAAAACjg==},
	Bdsk-Url-1 = {http://dwarfstd.org/}}

@inproceedings{deBayser:2012:SRT:2415308.2415317,
	Acmid = {2415317},
	Address = {Berlin, Heidelberg},
	Author = {de Bayser, Maximilien and Cerqueira, Renato},
	Booktitle = {Proceedings of the 16th Brazilian conference on Programming Languages},
	Date-Modified = {2013-02-22 13:01:17 +0000},
	Isbn = {978-3-642-33181-7},
	Keywords = {C++, introspection, reflection},
	Location = {Natal, Brazil},
	Numpages = {15},
	Pages = {102--116},
	Publisher = {Springer-Verlag},
	Series = {SBLP'12},
	Title = {A System for Runtime Type Introspection in C++},
	Url = {http://dx.doi.org/10.1007/978-3-642-33182-4_9},
	Year = {2012},
	Bdsk-Url-1 = {http://dx.doi.org/10.1007/978-3-642-33182-4_9}}
